@online{SUS,
author = {usability.gov},
title = {System Usability Scale ({SUS})},
year = {n.a.},
url = {https://www.usability.gov/how-to-and-tools/methods/system-usability-scale.html},
note = {Letzter Zugriff: 28.10.2020},
urldate = {28.10.2020},
}
@online{SUS_Score,
author = {usabilityTEST},
title = {System Usability Scale ({SUS}) Plus},
year = {n.a.},
url = {https://www.usabilitest.com/system-usability-scale},
note = {Letzter Zugriff: 28.10.2020},
urldate = {28.10.2020},
}